@book{librozill,
  title={Ecuaciones diferenciales con problemas de valores en la frontera},
  author={Zill, Dennis G and Cullen, Michael R and Hern{\'a}ndez, Ana Elizabeth Garc{\'\i}a and L{\'o}pez, Ernesto Filio},
  year={2002},
  publisher={Thomson}
}